%Beispiel BibTeX-Datenbank f√ºr die Verwendung von biblatex und biber

@online{imrad,
	title = {IMRAD},
	url = {https://en.wikipedia.org/wiki/IMRAD},
	organization = {Wikipedia},
	urldate = {2018-12-20},
}

@online{koma,
	title={KOMA-Script},
	subtitle={Die Anleitung},
	author={Kohm, Markus},
	date={2019-01-14},
	url={http://mirrors.ctan.org/macros/latex/contrib/koma-script/doc/scrguide.pdf},
	urldate={2019-02-05}
	}
